<?xml version="1.0" encoding="UTF-8"?><collection xmlns="http://www.loc.gov/MARC21/slim"><record><leader>00596nam--2200193-i-4500</leader><controlfield tag="001">000015347</controlfield><controlfield tag="002">20161230</controlfield><controlfield tag="005">20170222163450</controlfield><controlfield tag="008">060222s1000------------r-----000-0-eng-d</controlfield><datafield ind1=" " ind2=" " tag="040"><subfield code="a">IFIN-HH</subfield></datafield><datafield ind1=" " ind2=" " tag="080"><subfield code="a">519.2(061.3)</subfield></datafield><datafield ind1="1" ind2=" " tag="100"><subfield code="a">Bismut,J.M</subfield></datafield><datafield ind1=" " ind2=" " tag="245"><subfield code="a">Ecole d'ete de probabilites de Saint-Flour X-1980. Edite par P.L.Hennequin</subfield><subfield code="c">J.M. Bismut ; L. Gross ; K. Krickeberg</subfield></datafield><datafield ind1=" " ind2=" " tag="260"><subfield code="a">Berlin</subfield><subfield code="b">Springer-Verlag</subfield><subfield code="c">1982</subfield></datafield><datafield ind1=" " ind2=" " tag="300"><subfield code="a">X+313 p</subfield></datafield><datafield ind1=" " ind2=" " tag="490"><subfield code="a">Lecture Notes In Mathematics</subfield><subfield code="v">vol. 929</subfield></datafield><datafield ind1="1" ind2=" " tag="700"><subfield code="a">Krickeberg, K</subfield><subfield code="e">joint author</subfield></datafield><datafield ind1=" " ind2=" " tag="852"><subfield code="a">71921</subfield><subfield code="c">519.2</subfield></datafield><datafield ind1=" " ind2=" " tag="CAT"><subfield code="a">SYS</subfield><subfield code="c">20170222</subfield><subfield code="h">163450</subfield></datafield></record></collection>